@Manual{R-base,
  title = {R: A Language and Environment for Statistical Computing},
  author = {{R Core Team}},
  organization = {R Foundation for Statistical Computing},
  address = {Vienna, Austria},
  year = {2022},
  url = {https://www.R-project.org/},
}

@Manual{R-bookdown,
  title = {bookdown: Authoring Books and Technical Documents with R Markdown},
  author = {Yihui Xie},
  year = {2022},
  note = {R package version 0.26},
  url = {https://CRAN.R-project.org/package=bookdown},
}

@Manual{R-devtools,
  title = {devtools: Tools to Make Developing R Packages Easier},
  author = {Hadley Wickham and Jim Hester and Winston Chang and Jennifer Bryan},
  year = {2021},
  note = {R package version 2.4.3},
  url = {https://CRAN.R-project.org/package=devtools},
}

@Manual{R-dplyr,
  title = {dplyr: A Grammar of Data Manipulation},
  author = {Hadley Wickham and Romain François and Lionel Henry and Kirill Müller},
  year = {2022},
  note = {R package version 1.0.9},
  url = {https://CRAN.R-project.org/package=dplyr},
}

@Manual{R-flexdashboard,
  title = {flexdashboard: R Markdown Format for Flexible Dashboards},
  author = {Richard Iannone and JJ Allaire and Barbara Borges},
  year = {2020},
  note = {R package version 0.5.2},
  url = {http://rmarkdown.rstudio.com/flexdashboard},
}

@Manual{R-fontawesome,
  title = {fontawesome: Easily Work with Font Awesome Icons},
  author = {Richard Iannone},
  year = {2021},
  note = {R package version 0.2.2},
  url = {https://github.com/rstudio/fontawesome},
}

@Manual{R-forcats,
  title = {forcats: Tools for Working with Categorical Variables (Factors)},
  author = {Hadley Wickham},
  year = {2021},
  note = {R package version 0.5.1},
  url = {https://CRAN.R-project.org/package=forcats},
}

@Manual{R-geoR,
  title = {geoR: Analysis of Geostatistical Data},
  author = {Paulo J. {Ribeiro Jr} and Peter J. Diggle and Martin Schlather and Roger Bivand and Brian Ripley},
  year = {2020},
  note = {R package version 1.8-1},
  url = {http://www.leg.ufpr.br/geoR},
}

@Manual{R-ggforce,
  title = {ggforce: Accelerating ggplot2},
  author = {Thomas Lin Pedersen},
  year = {2021},
  note = {R package version 0.3.3},
  url = {https://CRAN.R-project.org/package=ggforce},
}

@Manual{R-ggplot2,
  title = {ggplot2: Create Elegant Data Visualisations Using the Grammar of Graphics},
  author = {Hadley Wickham and Winston Chang and Lionel Henry and Thomas Lin Pedersen and Kohske Takahashi and Claus Wilke and Kara Woo and Hiroaki Yutani and Dewey Dunnington},
  year = {2022},
  note = {R package version 3.3.6},
  url = {https://CRAN.R-project.org/package=ggplot2},
}

@Manual{R-ggthemes,
  title = {ggthemes: Extra Themes, Scales and Geoms for ggplot2},
  author = {Jeffrey B. Arnold},
  year = {2021},
  note = {R package version 4.2.4},
  url = {https://github.com/jrnold/ggthemes},
}

@Manual{R-gstat,
  title = {gstat: Spatial and Spatio-Temporal Geostatistical Modelling, Prediction
and Simulation},
  author = {Edzer Pebesma and Benedikt Graeler},
  year = {2022},
  note = {R package version 2.0-9},
  url = {https://github.com/r-spatial/gstat/},
}

@Manual{R-here,
  title = {here: A Simpler Way to Find Your Files},
  author = {Kirill Müller},
  year = {2020},
  note = {R package version 1.0.1},
  url = {https://CRAN.R-project.org/package=here},
}

@Manual{R-jsonlite,
  title = {jsonlite: A Simple and Robust JSON Parser and Generator for R},
  author = {Jeroen Ooms},
  year = {2022},
  note = {R package version 1.8.0},
  url = {https://CRAN.R-project.org/package=jsonlite},
}

@Manual{R-knitr,
  title = {knitr: A General-Purpose Package for Dynamic Report Generation in R},
  author = {Yihui Xie},
  year = {2022},
  note = {R package version 1.39},
  url = {https://yihui.org/knitr/},
}

@Manual{R-leaflet,
  title = {leaflet: Create Interactive Web Maps with the JavaScript Leaflet
Library},
  author = {Joe Cheng and Bhaskar Karambelkar and Yihui Xie},
  year = {2022},
  note = {R package version 2.1.1},
  url = {https://rstudio.github.io/leaflet/},
}

@Manual{R-leaflet.extras,
  title = {leaflet.extras: Extra Functionality for leaflet Package},
  author = {Bhaskar Karambelkar and Barret Schloerke},
  year = {2018},
  note = {R package version 1.0.0},
  url = {https://CRAN.R-project.org/package=leaflet.extras},
}

@Manual{R-lubridate,
  title = {lubridate: Make Dealing with Dates a Little Easier},
  author = {Vitalie Spinu and Garrett Grolemund and Hadley Wickham},
  year = {2021},
  note = {R package version 1.8.0},
  url = {https://CRAN.R-project.org/package=lubridate},
}

@Manual{R-mapview,
  title = {mapview: Interactive Viewing of Spatial Data in R},
  author = {Tim Appelhans and Florian Detsch and Christoph Reudenbach and Stefan Woellauer},
  year = {2022},
  note = {R package version 2.11.0},
  url = {https://github.com/r-spatial/mapview},
}

@Manual{R-pacman,
  title = {pacman: Package Management Tool},
  author = {Tyler Rinker and Dason Kurkiewicz},
  year = {2019},
  note = {R package version 0.5.1},
  url = {https://github.com/trinker/pacman},
}

@Manual{R-plotly,
  title = {plotly: Create Interactive Web Graphics via plotly.js},
  author = {Carson Sievert and Chris Parmer and Toby Hocking and Scott Chamberlain and Karthik Ram and Marianne Corvellec and Pedro Despouy},
  year = {2021},
  note = {R package version 4.10.0},
  url = {https://CRAN.R-project.org/package=plotly},
}

@Manual{R-RColorBrewer,
  title = {RColorBrewer: ColorBrewer Palettes},
  author = {Erich Neuwirth},
  year = {2022},
  note = {R package version 1.1-3},
  url = {https://CRAN.R-project.org/package=RColorBrewer},
}

@Manual{R-rgdal,
  title = {rgdal: Bindings for the Geospatial Data Abstraction Library},
  author = {Roger Bivand and Tim Keitt and Barry Rowlingson},
  year = {2022},
  note = {R package version 1.5-30},
  url = {https://CRAN.R-project.org/package=rgdal},
}

@Manual{R-rgeos,
  title = {rgeos: Interface to Geometry Engine - Open Source (GEOS)},
  author = {Roger Bivand and Colin Rundel},
  year = {2021},
  note = {R package version 0.5-9},
  url = {https://CRAN.R-project.org/package=rgeos},
}

@Manual{R-rmarkdown,
  title = {rmarkdown: Dynamic Documents for R},
  author = {JJ Allaire and Yihui Xie and Jonathan McPherson and Javier Luraschi and Kevin Ushey and Aron Atkins and Hadley Wickham and Joe Cheng and Winston Chang and Richard Iannone},
  year = {2022},
  note = {R package version 2.14},
  url = {https://CRAN.R-project.org/package=rmarkdown},
}

@Manual{R-rprojroot,
  title = {rprojroot: Finding Files in Project Subdirectories},
  author = {Kirill Müller},
  year = {2022},
  note = {R package version 2.0.3},
  url = {https://CRAN.R-project.org/package=rprojroot},
}

@Manual{R-scales,
  title = {scales: Scale Functions for Visualization},
  author = {Hadley Wickham and Dana Seidel},
  year = {2022},
  note = {R package version 1.2.0},
  url = {https://CRAN.R-project.org/package=scales},
}

@Manual{R-sf,
  title = {sf: Simple Features for R},
  author = {Edzer Pebesma},
  year = {2022},
  note = {R package version 1.0-7},
  url = {https://CRAN.R-project.org/package=sf},
}

@Manual{R-sp,
  title = {sp: Classes and Methods for Spatial Data},
  author = {Edzer Pebesma and Roger Bivand},
  year = {2022},
  note = {R package version 1.4-7},
  url = {https://CRAN.R-project.org/package=sp},
}

@Manual{R-spacetime,
  title = {spacetime: Classes and Methods for Spatio-Temporal Data},
  author = {Edzer Pebesma},
  year = {2022},
  note = {R package version 1.2-6},
  url = {https://github.com/edzer/spacetime},
}

@Manual{R-stringr,
  title = {stringr: Simple, Consistent Wrappers for Common String Operations},
  author = {Hadley Wickham},
  year = {2019},
  note = {R package version 1.4.0},
  url = {https://CRAN.R-project.org/package=stringr},
}

@Manual{R-thematic,
  title = {thematic: Unified and Automatic Theming of ggplot2, lattice, and
base R Graphics},
  author = {Carson Sievert and Barret Schloerke and Joe Cheng},
  year = {2021},
  note = {R package version 0.1.2.1},
  url = {https://CRAN.R-project.org/package=thematic},
}

@Manual{R-tidyr,
  title = {tidyr: Tidy Messy Data},
  author = {Hadley Wickham and Maximilian Girlich},
  year = {2022},
  note = {R package version 1.2.0},
  url = {https://CRAN.R-project.org/package=tidyr},
}

@Manual{R-usethis,
  title = {usethis: Automate Package and Project Setup},
  author = {Hadley Wickham and Jennifer Bryan and Malcolm Barrett},
  year = {2021},
  note = {R package version 2.1.5},
  url = {https://CRAN.R-project.org/package=usethis},
}

@Manual{R-viridis,
  title = {viridis: Colorblind-Friendly Color Maps for R},
  author = {Simon Garnier},
  year = {2021},
  note = {R package version 0.6.2},
  url = {https://CRAN.R-project.org/package=viridis},
}

@Manual{R-viridisLite,
  title = {viridisLite: Colorblind-Friendly Color Maps (Lite Version)},
  author = {Simon Garnier},
  year = {2021},
  note = {R package version 0.4.0},
  url = {https://CRAN.R-project.org/package=viridisLite},
}

@Book{bookdown2016,
  title = {bookdown: Authoring Books and Technical Documents with {R} Markdown},
  author = {Yihui Xie},
  publisher = {Chapman and Hall/CRC},
  address = {Boca Raton, Florida},
  year = {2016},
  note = {ISBN 978-1138700109},
  url = {https://bookdown.org/yihui/bookdown},
}

@Book{ggplot22016,
  author = {Hadley Wickham},
  title = {ggplot2: Elegant Graphics for Data Analysis},
  publisher = {Springer-Verlag New York},
  year = {2016},
  isbn = {978-3-319-24277-4},
  url = {https://ggplot2.tidyverse.org},
}

@Article{gstat2004,
  title = {Multivariable geostatistics in {S}: the gstat package},
  author = {Edzer J. Pebesma},
  journal = {Computers & Geosciences},
  year = {2004},
  volume = {30},
  pages = {683-691},
}

@Article{gstat2016,
  title = {Spatio-Temporal Interpolation using gstat},
  author = {Benedikt Gräler and Edzer Pebesma and Gerard Heuvelink},
  year = {2016},
  journal = {The R Journal},
  volume = {8},
  issue = {1},
  pages = {204-218},
  url = {https://journal.r-project.org/archive/2016/RJ-2016-014/index.html},
}

@Article{jsonlite2014,
  title = {The jsonlite Package: A Practical and Consistent Mapping Between JSON Data and R Objects},
  author = {Jeroen Ooms},
  journal = {arXiv:1403.2805 [stat.CO]},
  year = {2014},
  url = {https://arxiv.org/abs/1403.2805},
}

@Book{knitr2015,
  title = {Dynamic Documents with {R} and knitr},
  author = {Yihui Xie},
  publisher = {Chapman and Hall/CRC},
  address = {Boca Raton, Florida},
  year = {2015},
  edition = {2nd},
  note = {ISBN 978-1498716963},
  url = {https://yihui.org/knitr/},
}

@InCollection{knitr2014,
  booktitle = {Implementing Reproducible Computational Research},
  editor = {Victoria Stodden and Friedrich Leisch and Roger D. Peng},
  title = {knitr: A Comprehensive Tool for Reproducible Research in {R}},
  author = {Yihui Xie},
  publisher = {Chapman and Hall/CRC},
  year = {2014},
  note = {ISBN 978-1466561595},
  url = {http://www.crcpress.com/product/isbn/9781466561595},
}

@Article{lubridate2011,
  title = {Dates and Times Made Easy with {lubridate}},
  author = {Garrett Grolemund and Hadley Wickham},
  journal = {Journal of Statistical Software},
  year = {2011},
  volume = {40},
  number = {3},
  pages = {1--25},
  url = {https://www.jstatsoft.org/v40/i03/},
}

@Manual{pacman2018,
  title = {{pacman}: {P}ackage Management for {R}},
  author = {Tyler W. Rinker and Dason Kurkiewicz},
  address = {Buffalo, New York},
  note = {version 0.5.0},
  year = {2018},
  url = {http://github.com/trinker/pacman},
}

@Book{plotly2020,
  author = {Carson Sievert},
  title = {Interactive Web-Based Data Visualization with R, plotly, and shiny},
  publisher = {Chapman and Hall/CRC},
  year = {2020},
  isbn = {9781138331457},
  url = {https://plotly-r.com},
}

@Book{rmarkdown2018,
  title = {R Markdown: The Definitive Guide},
  author = {Yihui Xie and J.J. Allaire and Garrett Grolemund},
  publisher = {Chapman and Hall/CRC},
  address = {Boca Raton, Florida},
  year = {2018},
  note = {ISBN 9781138359338},
  url = {https://bookdown.org/yihui/rmarkdown},
}

@Book{rmarkdown2020,
  title = {R Markdown Cookbook},
  author = {Yihui Xie and Christophe Dervieux and Emily Riederer},
  publisher = {Chapman and Hall/CRC},
  address = {Boca Raton, Florida},
  year = {2020},
  note = {ISBN 9780367563837},
  url = {https://bookdown.org/yihui/rmarkdown-cookbook},
}

@Article{sf2018,
  author = {Edzer Pebesma},
  title = {{Simple Features for R: Standardized Support for Spatial Vector Data}},
  year = {2018},
  journal = {{The R Journal}},
  doi = {10.32614/RJ-2018-009},
  url = {https://doi.org/10.32614/RJ-2018-009},
  pages = {439--446},
  volume = {10},
  number = {1},
}

@Article{sp2005,
  author = {Edzer J. Pebesma and Roger S. Bivand},
  title = {Classes and methods for spatial data in {R}},
  journal = {R News},
  year = {2005},
  volume = {5},
  number = {2},
  pages = {9--13},
  month = {November},
  url = {https://CRAN.R-project.org/doc/Rnews/},
}

@Book{sp2013,
  author = {Roger S. Bivand and Edzer Pebesma and Virgilio Gomez-Rubio},
  title = {Applied spatial data analysis with {R}, Second edition},
  year = {2013},
  publisher = {Springer, NY},
  url = {https://asdar-book.org/},
}

@Article{spacetime2012,
  title = {{spacetime}: Spatio-Temporal Data in {R}},
  author = {Edzer Pebesma},
  journal = {Journal of Statistical Software},
  year = {2012},
  volume = {51},
  number = {7},
  pages = {1--30},
  url = {https://www.jstatsoft.org/v51/i07/},
}

@Book{spacetime2013,
  author = {Roger S. Bivand and Edzer Pebesma and Virgilio Gomez-Rubio},
  title = {Applied spatial data analysis with {R}, Second edition},
  year = {2013},
  publisher = {Springer, NY},
  url = {https://asdar-book.org/},
}

